<?xml version="1.0" encoding="UTF-8"?><collection xmlns="http://www.loc.gov/MARC21/slim"><record><leader>00418nam--2200121-i-4500</leader><controlfield tag="001">000018631</controlfield><controlfield tag="002">20161230</controlfield><controlfield tag="005">20161230201032</controlfield><controlfield tag="008">060222s1000------------r-----000-0-eng-d</controlfield><datafield ind1=" " ind2=" " tag="100"><subfield code="a">Connolly, P.L., /S.A.</subfield></datafield><datafield ind1=" " ind2=" " tag="245"><subfield code="a">Properties of the  ro  meson.sienne international conference on elementary particles, september 30 - october 5, 1963</subfield></datafield><datafield ind1=" " ind2=" " tag="260"><subfield code="a">New York, Brookhaven National Laboratory, 1964 8 P. + 4 Fig</subfield></datafield><datafield ind1=" " ind2=" " tag="852"><subfield code="a">19117</subfield></datafield></record></collection>